
@book{anderson_applied_1992,
	title = {Applied groundwater modeling: simulation of flow and advective transport.},
	shorttitle = {Applied groundwater modeling},
	author = {Anderson, M. P and Woessner, W. W},
	year = {1992}
},


@article{li_specific_2008,
        title = {The Specific Temperature Increase Method for Repository Thermal Analysis},
        volume = {99},
        issn = {{0003-018X}},
        journal = {Transactions of the American Nuclear Society},
        author = {Li, J. and Yim, M. S and {McNelis}, D.},
        year = {2008},
        pages = {216 --- 218}
},

@article{hedin_integrated_2002,
	title = {Integrated analytic radionuclide transport model for a spent nuclear fuel repository in saturated fractured rock},
	volume = {138},
	url = {http://epubs.ans.org.proxy.uchicago.edu/download/?a=3287},
	number = {2},
	journal = {Nuclear Technology},
	author = {Hedin, A.},
	year = {2002}
},

@book{schwartz_fundamentals_2003,
	title = {Fundamentals of ground water},
	author = {Schwartz, F. W and Zhang, H.},
	year = {2003}
},

@book{wang_introduction_1982,
	title = {Introduction to groundwater modeling},
	publisher = {Freeman},
	author = {Wang, H. and Anderson, M. P},
	year = {1982}
},

@article{leij_analytical_1991,
	title = {Analytical solutions for solute transport in three-dimensional semi-infinite porous media},
	volume = {27},
	number = {10},
	journal = {Water resources research},
	author = {Leij, F. J and Skaggs, T. H and Van Genuchten, M. T},
	year = {1991},
	pages = {2719â€“2733}
},

@book{van_genuchten_analytical_1982,
	title = {Analytical solutions of the one-dimensional convective-dispersive solute transport equation},
	number = {1661},
	publisher = {{US} Dept. of Agriculture, Agricultural Research Service},
	author = {Van Genuchten, M. T},
	year = {1982}
},

@book{heath_basic_1983,
	title = {Basic ground-water hydrology},
	volume = {2220},
	publisher = {{US} Geological Survey},
	author = {Heath, R. C},
	year = {1983}
},

@misc{jrpol_diffusion.svg_2011,
	title = {Diffusion.svg},
	copyright = {{CC-BY-3.0}},
	shorttitle = {Diffusion},
	url = {http://upload.wikimedia.org/wikipedia/commons/1/12/Diffusion.svg},
	journal = {Wikimedia Commons},
	author = {{JrPol}},
	month = sep,
	year = {2011},
	howpublished = {{http://upload.wikimedia.org/wikipedia/commons/1/12/Diffusion.svg}}
}
